@ARTICLE{kang2009,
AUTHOR="U Kang",
TITLE="PEGASUS: Mining Peta-Scale Graphs",
JOURNAL="ICDM",
YEAR=2009
}

@ARTICLE{kang2012,
AUTHOR="U Kang",
TITLE="GBASE: an efficient analysis platform for large graphs",
JOURNAL="VLDB",
YEAR=2012
}

@ARTICLE{kang2010,
AUTHOR="U Kang",
TITLE="HADI: Mining Radii of Large Graphs",
JOURNAL="ACM Transactions on Knowledge Discovery from Data",
YEAR=2010
}

@ARTICLE{danai2011,
AUTHOR="Danai Koutra",
TITLE="Unifying Guilt-by-Association Approaches: Theorems and Fast Algorithms",
JOURNAL="ECML PKDD",
YEAR=2011
}

@ARTICLE{Ignacio2005,
AUTHOR="k-core decomposition: a tool for the visualization of large scale networks",
TITLE="k-core decomposition: a tool for the visualization of large scale networks",
JOURNAL="Advances in Neural Information Processing Systems",
YEAR=2005
}
